@software{cortext_manager_v2,
  title = {CorText Manager},
  author = {Delebecque, Fran{\c c}ois and Gomez, Claude and Goursat, Maurice
  and Nikoukhah, Ramine and Steer, Serge and Chancelier, Jean-Philippe},
  date = {1994},
  institution = {Inria},
  version = {v2},
  license = {Scilab license},
  hal_id = {hal-02090402},
  hal_version = {v1},
  url = {https://www.scilab.org/},
  abstract = {Software for Numerical Computation freely distributed.},
  repository= {https://github.com/scilab/scilab},
}
