@misc{cortext_manager_v2_bibtex,
  author = {Breucker, Philippe and Ospina Delgado, Juan-Pablo and Orsal,
  Guillaume and Medina, Luis-Daniel and Cointet, Jean-Philippe},
  month = {12},
  title = {CorText Manager},
  url = {https://managerv2.cortext.net},
  year = {2020}
}
